@ARTICLE{baraffeRev,
   author = {{Baraffe}, I. and {Chabrier}, G. and {Barman}, T.},
    title = "{The physical properties of extra-solar planets}",
  journal = {Reports on Progress in Physics},
archivePrefix = "arXiv",
   eprint = {1001.3577},
 primaryClass = "astro-ph.EP",
     year = 2010,
    month = jan,
   volume = 73,
   number = 1,
    pages = {016901-+},
      doi = {10.1088/0034-4885/73/1/016901},
   adsurl = {http://adsabs.harvard.edu/abs/2010RPPh...73a6901B},
  adsnote = {Provided by the SAO/NASA Astrophysics Data System}
}

@ARTICLE{charb,
   author = {{Charbonneau}, D. and {Brown}, T.~M. and {Latham}, D.~W. and 
	{Mayor}, M.},
    title = "{Detection of Planetary Transits Across a Sun-like Star}",
  journal = {\apjl},
   eprint = {arXiv:astro-ph/9911436},
 keywords = {STARS: BINARIES: ECLIPSING, STARS: PLANETARY SYSTEMS, STARS: INDIVIDUAL: HENRY DRAPER NUMBER: HD 209458, TECHNIQUES: PHOTOMETRIC, TECHNIQUES: RADIAL VELOCITIES},
     year = 2000,
    month = jan,
   volume = 529,
    pages = {L45-L48},
      doi = {10.1086/312457},
   adsurl = {http://adsabs.harvard.edu/abs/2000ApJ...529L..45C},
  adsnote = {Provided by the SAO/NASA Astrophysics Data System}
}

@ARTICLE{arrassoc,
   author = {{Arras}, P. and {Socrates}, A.},
    title = "{Thermal Tides in Fluid Extrasolar Planets}",
  journal = {\apj},
archivePrefix = "arXiv",
   eprint = {0912.2313},
 primaryClass = "astro-ph.EP",
 keywords = {hydrodynamics, planetary systems, planets and satellites: atmospheres, planet{\ndash}star interactions, waves},
     year = 2010,
    month = may,
   volume = 714,
    pages = {1-12},
      doi = {10.1088/0004-637X/714/1/1},
   adsurl = {http://adsabs.harvard.edu/abs/2010ApJ...714....1A},
  adsnote = {Provided by the SAO/NASA Astrophysics Data System}
}

@ARTICLE{zapolsky,
   author = {{Zapolsky}, H.~S. and {Salpeter}, E.~E.},
    title = "{The Mass-Radius Relation for Cold Spheres of Low Mass}",
  journal = {\apj},
     year = 1969,
    month = nov,
   volume = 158,
    pages = {809-+},
      doi = {10.1086/150240},
   adsurl = {http://adsabs.harvard.edu/abs/1969ApJ...158..809Z},
  adsnote = {Provided by the SAO/NASA Astrophysics Data System}
}

@ARTICLE{henry2000,
   author = {{Henry}, G.~W. and {Marcy}, G.~W. and {Butler}, R.~P. and {Vogt}, S.~S.
	},
    title = "{A Transiting ``51 Peg-like'' Planet}",
  journal = {\apjl},
 keywords = {STARS: PLANETARY SYSTEMS, STARS: INDIVIDUAL: HENRY DRAPER NUMBER: HD 209458},
     year = 2000,
    month = jan,
   volume = 529,
    pages = {L41-L44},
      doi = {10.1086/312458},
   adsurl = {http://adsabs.harvard.edu/abs/2000ApJ...529L..41H},
  adsnote = {Provided by the SAO/NASA Astrophysics Data System}
}

@ARTICLE{borucki,
   author = {{Borucki}, W.~J. and {for the Kepler Team}},
    title = "{Characteristics of Kepler Planetary Candidates Based on the First Data Set: The Majority are Found to be Neptune-Size and Smaller}",
  journal = {ArXiv e-prints},
archivePrefix = "arXiv",
   eprint = {1006.2799},
 primaryClass = "astro-ph.EP",
 keywords = {Astrophysics - Earth and Planetary Astrophysics},
     year = 2010,
    month = jun,
   adsurl = {http://adsabs.harvard.edu/abs/2010arXiv1006.2799B},
  adsnote = {Provided by the SAO/NASA Astrophysics Data System}
}

@INPROCEEDINGS{bakos,
   author = {{Bakos}, G. and {Noyes}, R.~W. and {Latham}, D.~W. and {Cs{\'a}k}, B. and 
	{G{\'a}lfi}, G. and {P{\'a}l}, A.},
    title = "{Extrasolar planet search with the HAT network}",
booktitle = {Tenth Anniversary of 51 Peg-b: Status of and prospects for hot Jupiter studies},
     year = 2006,
   editor = "{L.~Arnold, F.~Bouchy, \& C.~Moutou}",
    month = feb,
    pages = {184-186},
   adsurl = {http://adsabs.harvard.edu/abs/2006tafp.conf..184B},
  adsnote = {Provided by the SAO/NASA Astrophysics Data System}
}

@BOOK{kippenhahn,
   author = {{Kippenhahn}, R. and {Weigert}, A.},
    title = "{Stellar Structure and Evolution}",
 keywords = {SONNE, STERNENTWICKLUNG, STERNAUFBAU, STERNE, STELLAR STRUCTURE, STELLAR EVOLUTION, Sonne, Sternaufbau, Sterne, Sternentwicklung, stars, stellar models, sun},
booktitle = {Stellar Structure and Evolution, XVI, 468 pp.~192 figs..~ Springer-Verlag Berlin Heidelberg New York.~Also Astronomy and Astrophysics Library},
     year = 1994,
   editor = "{Kippenhahn, R.~\& Weigert, A.}",
   adsurl = {http://adsabs.harvard.edu/abs/1994sse..book.....K},
  adsnote = {Provided by the SAO/NASA Astrophysics Data System}
}

@ARTICLE{chabrier2010,
   author = {{Chabrier}, G. and {Leconte}, J. and {Baraffe}, I.},
    title = "{Understanding exoplanet formation, structure and evolution in 2010}",
  journal = {ArXiv e-prints},
archivePrefix = "arXiv",
   eprint = {1012.0765},
 primaryClass = "astro-ph.SR",
 keywords = {Astrophysics - Solar and Stellar Astrophysics, Astrophysics - Earth and Planetary Astrophysics},
     year = 2010,
    month = dec,
   adsurl = {http://adsabs.harvard.edu/abs/2010arXiv1012.0765C},
  adsnote = {Provided by the SAO/NASA Astrophysics Data System}
}

@ARTICLE{burrows2010,
   author = {{Burrows}, A. and {Hubbard}, W.~B. and {Lunine}, J.~I. and {Liebert}, J.
	},
    title = "{The theory of brown dwarfs and extrasolar giant planets}",
  journal = {Reviews of Modern Physics},
   eprint = {arXiv:astro-ph/0103383},
     year = 2001,
    month = jul,
   volume = 73,
    pages = {719-765},
      doi = {10.1103/RevModPhys.73.719},
   adsurl = {http://adsabs.harvard.edu/abs/2001RvMP...73..719B},
  adsnote = {Provided by the SAO/NASA Astrophysics Data System}
}

@ARTICLE{ibgui2010,
   author = {{Ibgui}, L. and {Burrows}, A. and {Spiegel}, D.~S.},
    title = "{Tidal Heating Models for the Radii of the Inflated Transiting Giant Planets WASP-4b, WASP-6b, WASP-12b, WASP-15b, and TrES-4}",
  journal = {\apj},
archivePrefix = "arXiv",
   eprint = {0910.4394},
 primaryClass = "astro-ph.EP",
 keywords = {planetary systems, planets and satellites: general},
     year = 2010,
    month = apr,
   volume = 713,
    pages = {751-763},
      doi = {10.1088/0004-637X/713/2/751},
   adsurl = {http://adsabs.harvard.edu/abs/2010ApJ...713..751I},
  adsnote = {Provided by the SAO/NASA Astrophysics Data System}
}

@ARTICLE{fortneyRev10,
   author = {{Fortney}, J.~J. and {Nettelmann}, N.},
    title = "{The Interior Structure, Composition, and Evolution of Giant Planets}",
  journal = {\ssr},
archivePrefix = "arXiv",
   eprint = {0912.0533},
 primaryClass = "astro-ph.EP",
 keywords = {Giant planet interiors, Exoplanets},
     year = 2010,
    month = may,
   volume = 152,
    pages = {423-447},
      doi = {10.1007/s11214-009-9582-x},
   adsurl = {http://adsabs.harvard.edu/abs/2010SSRv..152..423F},
  adsnote = {Provided by the SAO/NASA Astrophysics Data System}
}

@ARTICLE{burrows2000,
   author = {{Burrows}, A. and {Guillot}, T. and {Hubbard}, W.~B. and {Marley}, M.~S. and 
	{Saumon}, D. and {Lunine}, J.~I. and {Sudarsky}, D.},
    title = "{On the Radii of Close-in Giant Planets}",
  journal = {\apjl},
   eprint = {arXiv:astro-ph/0003185},
 keywords = {STARS: PLANETARY SYSTEMS, PLANETS AND SATELLITES: GENERAL, STARS: INDIVIDUAL: HENRY DRAPER NUMBER: HD 209458, STARS: INDIVIDUAL: CONSTELLATION NAME: {\amp}TAU; BOOTIS},
     year = 2000,
    month = may,
   volume = 534,
    pages = {L97-L100},
      doi = {10.1086/312638},
   adsurl = {http://adsabs.harvard.edu/abs/2000ApJ...534L..97B},
  adsnote = {Provided by the SAO/NASA Astrophysics Data System}
}


@ARTICLE{batygin10,
   author = {{Batygin}, K. and {Stevenson}, D.~J.},
    title = "{Inflating Hot Jupiters with Ohmic Dissipation}",
  journal = {\apjl},
archivePrefix = "arXiv",
   eprint = {1002.3650},
 primaryClass = "astro-ph.EP",
 keywords = {magnetohydrodynamics: MHD, methods: analytical, planets and satellites: interiors},
     year = 2010,
    month = may,
   volume = 714,
    pages = {L238-L243},
      doi = {10.1088/2041-8205/714/2/L238},
   adsurl = {http://adsabs.harvard.edu/abs/2010ApJ...714L.238B},
  adsnote = {Provided by the SAO/NASA Astrophysics Data System}
}

@ARTICLE{vidotto10,
   author = {{Vidotto}, A.~A. and {Jardine}, M. and {Helling}, C.},
    title = "{Early UV Ingress in WASP-12b: Measuring Planetary Magnetic Fields}",
  journal = {\apjl},
archivePrefix = "arXiv",
   eprint = {1009.5947},
 primaryClass = "astro-ph.EP",
 keywords = {planet-star interactions, planets and satellites: individual: WASP-12b, planets and satellites: magnetic fields, stars: coronae, stars: individual: WASP-12, stars: winds, outflows },
     year = 2010,
    month = oct,
   volume = 722,
    pages = {L168-L172},
      doi = {10.1088/2041-8205/722/2/L168},
   adsurl = {http://adsabs.harvard.edu/abs/2010ApJ...722L.168V},
  adsnote = {Provided by the SAO/NASA Astrophysics Data System}
}

@ARTICLE{bodenheimer01,
   author = {{Bodenheimer}, P. and {Lin}, D.~N.~C. and {Mardling}, R.~A.},
    title = "{On the Tidal Inflation of Short-Period Extrasolar Planets}",
  journal = {\apj},
 keywords = {Celestial Mechanics, Stellar Dynamics, Stars: Planetary Systems, Solar System: Formation},
     year = 2001,
    month = feb,
   volume = 548,
    pages = {466-472},
      doi = {10.1086/318667},
   adsurl = {http://adsabs.harvard.edu/abs/2001ApJ...548..466B},
  adsnote = {Provided by the SAO/NASA Astrophysics Data System}
}

@ARTICLE{2002A&A...385..156G,
   author = {{Guillot}, T. and {Showman}, A.~P.},
    title = "{Evolution of ``51 Pegasus b-like'' planets}",
  journal = {\aap},
   eprint = {arXiv:astro-ph/0202234},
 keywords = {STARS: INDIVIDUAL: 51 PEG, HD 209458, PLANETS AND SATELLITES: GENERAL, STARS: PLANETARY SYSTEMS},
     year = 2002,
    month = apr,
   volume = 385,
    pages = {156-165},
      doi = {10.1051/0004-6361:20011624},
   adsurl = {http://adsabs.harvard.edu/abs/2002A%26A...385..156G},
  adsnote = {Provided by the SAO/NASA Astrophysics Data System}
}